%% This BibTeX bibliography file was created using BibDesk.
%% http://bibdesk.sourceforge.net/


%% Created for Sara at 2014-10-24 11:06:11 +0200 


%% Saved with string encoding Unicode (UTF-8) 



@misc{AeronauticsandSpace,
	Author = {Doreen Seider and Philipp M. Fischer and Markus Litz and Andreas Schreiber and Andreas Gerndt},
	Date-Added = {2014-10-16 14:19:21 +0000},
	Date-Modified = {2014-10-16 14:21:01 +0000},
	Note = {\url{http://elib.dlr.de/77442/1/OpenSourceIntegrationFrameworkRCE.pdf}},
	Title = {Open Source Software Framework for Applications in Aeronautics and Space}}

@misc{CopyRipBurn,
	Author = {DAVID M. BERRY},
	Date-Added = {2014-10-16 13:41:07 +0000},
	Date-Modified = {2014-10-16 13:42:09 +0000},
	Note = {\url{http://tovarna.org/files0/active/2/8454-copy_rip_burn_the.pdf}},
	Title = {Copy, Rip, Burn The Politics of Copyleft and Open Source},
	Year = {2008}}

@misc{Moolenaar,
	Author = {Bram Moolenaar},
	Date-Added = {2014-10-16 11:35:46 +0000},
	Date-Modified = {2014-10-16 14:44:04 +0000},
	Note = {\url{http://vimdoc.sourceforge.net/htmldoc/uganda.html#license}},
	Title = {Vim documentation: uganda},
	Year = {2010}}

@misc{GoodAndAllButProprietary,
	Author = {Ben Kepes},
	Date-Added = {2014-10-16 11:25:18 +0000},
	Date-Modified = {2014-10-16 14:42:22 +0000},
	Note = {\url {http://www.forbes.com/sites/benkepes/2013/10/02/open-source-is-good-and-all-but-proprietary-is-still-winning/}},
	Title = {Open Source Is Good And All, But Proprietary Is Still Winning},
	Year = {2013}}

@misc{AdvantagesDisadvantagesofaProprietarySystem,
	Author = {Jared Lewis},
	Date-Added = {2014-10-16 11:22:06 +0000},
	Date-Modified = {2014-10-17 21:16:35 +0000},
	Note = {\url {http://smallbusiness.chron.com/advantages-three-disadvantages-proprietary-system-vs-open-platform-38010.html}},
	Title = {Advantages and Disadvantages of a Proprietary System vs. an Open Platform}}

@misc{MixingOpenSourceandProprietary,
	Author = {Julia Hanna},
	Date-Added = {2014-10-16 11:19:47 +0000},
	Date-Modified = {2014-10-16 14:41:08 +0000},
	Note = {\url {http://hbswk.hbs.edu/item/6158.html}},
	Title = {Mixing Open Source and Proprietary Software Strategies},
	Year = {2010},
	Bdsk-Url-1 = {http://hbswk.hbs.edu/item/6158.html}}

@misc{ManagementSystems,
	Author = {Owais Ahmed},
	Date-Added = {2014-10-16 11:16:26 +0000},
	Date-Modified = {2014-10-16 14:39:40 +0000},
	Note = {\url{http://cmapspublic3.ihmc.us/rid=1166848762921_1074514841_2366/Migrating%20to%20open%20sourceThesis.pdf}},
	Title = {Migrating from Proprietary to Open Source Learning Content Management Systems},
	Year = {2005},
	Bdsk-Url-1 = {http://cmapspublic3.ihmc.us/rid=1166848762921_1074514841_2366/Migrating%20to%20open%20sourceThesis.pdf}}

@misc{PromotingOSSGovernment,
	Author = {Andrew Oram},
	Date-Added = {2014-10-16 11:12:08 +0000},
	Date-Modified = {2014-10-16 14:44:26 +0000},
	Note = {\url{http://www.praxagora.com/andyo/professional/promoting_oss_in_government.html}},
	Title = {Promoting Open Source Software in Government:},
	Year = {2011},
	Bdsk-Url-1 = {http://www.praxagora.com/andyo/professional/promoting_oss_in_government.html}}

@misc{AreWeComfortableWithCommercialOpenSourceNow?,
	Author = {Adrian Bridgwater},
	Date-Added = {2014-10-16 11:09:01 +0000},
	Date-Modified = {2014-10-16 11:11:55 +0000},
	Note = {\url {http://www.forbes.com/sites/adrianbridgwater/2014/07/21/are-we-comfortable-with-commercial-open-source-now/}},
	Title = {Are We Comfortable With Commercial Open Source Now?},
	Year = {2014}}

@misc{Kazakhstan,
	Author = {A Zhussupova and A Rahman},
	Date-Added = {2014-07-18 02:06:33 +0000},
	Date-Modified = {2014-07-18 02:16:37 +0000},
	Howpublished = {IEEE},
	Title = {Open Source Software Adoption in Public Organizations of Kazakhstan},
	Year = {2011}}

@misc{Examiningsuccess,
	Author = {Viktor Hollmann},
	Date-Added = {2014-07-18 02:00:44 +0000},
	Date-Modified = {2014-10-16 14:17:14 +0000},
	Title = {Examining success factors of open source software repositories},
	Year = {2012}}

@misc{Reasoning,
	Author = {Thomas Fry},
	Date-Added = {2014-07-18 01:53:43 +0000},
	Date-Modified = {2014-07-18 01:54:38 +0000},
	Title = {Reasoning Study Reveals Code Quality of MySQL Open Source Database Ranks Higher than Commercial Equivalents.},
	Year = {2003}}

@misc{KeyAdvantage,
	Author = {Computer Economics, Inc.},
	Date-Added = {2014-07-18 01:44:34 +0000},
	Date-Modified = {2014-10-16 10:58:50 +0000},
	Note = {\url {http://www.computereconomics.com/article.cfm?id=1043}},
	Title = {Key Advantage of Open Source is Not Cost Savings},
	Year = {2005}}

@misc{BenefitsofUsingOpenSourceSoftware,
	Author = {GBdirect},
	Date-Added = {2014-07-17 01:51:32 +0000},
	Date-Modified = {2014-07-17 01:53:21 +0000},
	Note = {\url{http://open-source.gbdirect.co.uk/migration/benefit.html}},
	Title = {Benefits of Using Open Source Software}}

@article{Balance-of-Payments,
	Author = {FREDERICO GONZAGA JAYME},
	Date-Added = {2014-07-17 01:48:37 +0000},
	Date-Modified = {2014-07-18 01:56:07 +0000},
	Journal = {Brazilian Journal of Political Economy},
	Number = {1},
	Pages = {89},
	Title = {Balance-of-Payments-Constrained Economic Growth in Brazil},
	Volume = {23},
	Year = {2003}}

@misc{SucceedinBusiness,
	Author = {Jennifer Kuan},
	Date-Added = {2014-07-17 01:45:32 +0000},
	Date-Modified = {2014-10-16 14:43:10 +0000},
	Note = {\url {http://www.flossproject.org/workshop/papers/kuan.htm}},
	Title = {How to Succeed in Business with Open Source Software.},
	Year = {2007}}

@misc{MITRE,
	Author = {MITRE},
	Date-Added = {2014-07-17 01:41:30 +0000},
	Date-Modified = {2014-07-17 01:45:21 +0000},
	Note = {\url {http://www.terrybollinger.com/dodfoss/dodfoss_html/index.html}},
	Title = {Use of Free and Open-Source Software in the U.S.Department of Defense},
	Year = {2003}}

@misc{NSA,
	Author = {NSA},
	Date-Added = {2014-07-17 01:38:51 +0000},
	Date-Modified = {2014-07-17 01:40:37 +0000},
	Note = {\url {http://www.nsa.gov/research/selinux/index.shtml}},
	Title = {Security-Enhanced Linux},
	Year = {2009}}

@book{Relational_databases,
	Author = {Jennifer R. Taylor},
	Date-Modified = {2014-10-16 11:06:49 +0000},
	Publisher = {Nova Science Publishers},
	Title = {Relational databases and open-source software developments},
	Year = {2011}}

@misc{Linux_Information,
	Author = {The Linux Information Project},
	Date-Modified = {2014-10-16 11:34:16 +0000},
	Howpublished = {LINFO},
	Note = {\url{http://www.linfo.org/open_source.html}},
	Title = {Open source versus free software.},
	Year = {2007}}

@misc{DevelopingCountries,
	Author = {Sanjiva Weerawarana and Jivaka Weeratunge},
	Howpublished = {ELDIS},
	Note = {\url{http://www.eldis.org/fulltext/opensource.pdf}},
	Title = {Open Source in Developing Countries},
	Year = {2004}}

@misc{GovernmentPolicy,
	Author = {Kenneth Wong},
	Howpublished = {(UNDP-APDIP)},
	Note = {\url{http://www.sita.co.za/FOSS/Gov-OSS_Guide-04.pdf}},
	Title = {Free/Open Source Software},
	Year = {2004}}

@misc{MigrationGuidelines,
	Author = {Charles Briscoe-Smith and Steve Hnizdur},
	Date-Added = {2014-07-13 01:46:09 +0000},
	Date-Modified = {2014-07-13 02:37:20 +0000},
	Note = {\url{http://ec.europa.eu/idabc/servlets/Doc5621.pdf?id=1983}},
	Title = {The IDA Open Source Migration Guidelines},
	Year = {2003}}

@misc{e-Society,
	Author = {Pedro Isa{\'\i}as and Piet Kommersand Maggie McPherson},
	Date-Added = {2014-07-13 01:44:01 +0000},
	Date-Modified = {2014-07-13 02:37:33 +0000},
	Note = {\url{http://www.mgt.ncu.edu.tw/~ckfarn/doc/conference/IADIS%20ES2004_Vol2.pdf#page=141}},
	Title = {Proceedings of the IADIS International Conference e-Society},
	Year = {2004}}

@misc{LookattheNumbers!,
	Author = {David A. Wheeler},
	Date-Added = {2014-07-13 01:40:29 +0000},
	Date-Modified = {2014-07-13 02:37:40 +0000},
	Note = {\url{http://www.dwheeler.com/oss_fs_why.html}},
	Title = {Why Open Source Software Look at the Numbers!},
	Year = {2005}}

@misc{GotLinux,
	Author = {Jack M. Germain},
	Note = {\url{http://www.linuxinsider.com/story/80555.html?rss=1}},
	Title = {Got Linux? Add Proprietary Code},
	Year = {2014}}

@misc{Munichrejected,
	Author = {Nick Heath},
	Date-Added = {2014-07-13 01:35:51 +0000},
	Date-Modified = {2014-10-16 14:41:41 +0000},
	Note = {\url {http://www.techrepublic.com/article/how-munich-rejected-steve-ballmer-and-kicked-microsoft-out-of-the-city/}},
	Title = {How Munich rejected Steve Ballmer and kicked Microsoft out of the city},
	Year = {2013}}

@misc{Databases,
	Author = {Jutta Horstmann},
	Date-Added = {2014-07-13 01:34:56 +0000},
	Date-Modified = {2014-10-24 09:06:02 +0000},
	Note = {\url{http://www.dataintransit.com/dateien/publikationen/migrating_OSDB_jh.pdf}},
	Title = {Migration to Open Source Databases},
	Year = {2005}}

@misc{Challengesandobstacles,
	Author = {Bardhyl Jashari and Filip Stojanovski},
	Date-Added = {2014-07-13 01:29:11 +0000},
	Date-Modified = {2014-07-13 01:33:11 +0000},
	Howpublished = {Metamorphosis Foundation},
	Title = {Challenges and obstacles: Usage of Free and Open Source Software in local government in Macedonia},
	Year = {2006}}

@misc{comparativestudyofchallenges,
	Author = {Klaas-Jan Stol and Muhammad Ali Babar and Paris Avgeriou and Brian Fitzgerald},
	Date-Added = {2014-07-13 01:18:02 +0000},
	Date-Modified = {2014-07-13 02:44:21 +0000},
	Title = {Comparative study of challenges in integrating open source software and Inner Source Software. Information and Software Technology},
	Volume = {53},
	Year = {2011}}

@misc{Totol_cost,
	Author = {Maha Shaikh and Tony Cornford},
	Date-Added = {2014-07-13 01:08:05 +0000},
	Date-Modified = {2014-10-24 09:04:48 +0000},
	Institution = {UK Cabinet Office. OpenForum Europe},
	Note = {\url {http://eprints.lse.ac.uk/39826/1/Total_cost_of_ownership_of_open_source_software_(LSERO).pdf}},
	Title = {Total cost of ownership of open source software},
	Year = {2011}}

@misc{IntroducationtoFS,
	Author = {Gregorio Robles and Jes{\'u}s M. Gonz{\'a}lez-Barahona and Joaquin Seoane Pascual},
	Date-Modified = {2014-10-16 14:48:44 +0000},
	Note = {\url{http://ftacademy.org/files/materials/fta-m1-intro_to_FS-v1.pdf}},
	Title = {Introducation to Free Software},
	Year = {2008}}

@misc{migrating-open-source-businessplan,
	Author = {Simon Phipps},
	Date-Modified = {2014-07-13 03:02:26 +0000},
	Note = {\url{http://opensource.com/business/13/5/migrating-open-source-business-plan}},
	Title = {Migrating to open source needs a plan},
	Year = {2013}}

@misc{FreedomDefined,
	Author = {Freedom Defined},
	Note = {\url{http://www.freedomdefined.org}},
	Title = {Freedom Defined},
	Year = {2008}}

@misc{OSI,
	Author = {Open Source Initiative},
	Note = {\url{http://opensource.org/about}},
	Title = {About the Open Source Initiative},
	Year = {2012}}

@misc{Daffara,
	Author = {Carlo Daffara},
	Date-Modified = {2014-07-13 02:52:39 +0000},
	Note = {\url{http://smeguide.conecta.it/smeguide.pdf}},
	Title = {The SME guide to Open Source Software},
	Year = {2009}}

@misc{FreeSoftwareDef,
	Author = {The Free Software Foundation},
	Note = {\url {http://www.gnu.org/philosophy/free-sw.html}},
	Title = {The Free Software Definition. GNU Project},
	Year = {2012}}

@misc{cathed_bazar,
	Author = {Eric S. Raymond},
	Date-Modified = {2014-10-24 09:01:47 +0000},
	Howpublished = {O'Reilly Media},
	Title = {The Cathedral and The Bazar},
	Year = {1999}}

@article{crowston05:_social_structure,
	Author = {Kevin Crowston and James Howison},
	Journal = {First Monday},
	Note = {\url {http://www.firstmonday.dk/issues/issue10\_2/crowston/}},
	Title = {The social structure of free and open source software development},
	Year = {2005}}

@misc{Sixbarriers,
	Author = {Dan Farber},
	Note = {\url{http://www.zdnet.com/six-barriers-to-open-source-adoption-2039173298/}},
	Title = {Six barriers to open source adoption},
	Year = {2004}}

@misc{LiMux_theITevolution,
	Author = {Markus Feilner},
	Note = {\url{https://joinup.ec.europa.eu/elibrary/case/limux-it-evolution-open-source-success-story-never}},
	Title = {LiMux - the IT evolution - An open source success story like never before},
	Year = {2013}}

@misc{Competitive_implications,
	Author = {Jai Asundia and Octavian Cararec and Kutsal Dogane},
	Date-Modified = {2014-07-13 02:42:22 +0000},
	Howpublished = {Journal of Decision Support System},
	Title = {Competitive implications of Software Open-Sourcing},
	Year = {2011}}

@misc{LiMux_theIyyTevolution,
	Author = {Ben Pfaff and Ken David},
	Date-Modified = {2014-07-17 01:36:52 +0000},
	Note = {\url{http://benpfaff.org/writings/anp/oss-is-better.html\#SEC21}},
	Title = {Society and open source \\ Why open source software is better for society than proprietary closed source software},
	Year = {1998}}

@misc{os_definition,
	Author = {Bruce Perens},
	Date-Modified = {2014-10-16 14:49:36 +0000},
	Note = {\url{http://www.oreilly.com/catalog/opensources/book/perens.html}},
	Title = {Open Sources: Voices from the Open Source Revolution},
	Year = {1999},
	Bdsk-Url-1 = {http://www.oreilly.com/catalog/opensources/book/perens.html}}

@misc{OpenSourceMovement,
	Author = {Richard Poynder},
	Note = {\url{http://www.infotoday.com/it/oct01/poynder.htm}},
	Title = {The Open Source Movement},
	Year = {2001}}
